@article{yaren_lqr,
   author = {Tuğçe YAREN and Selçuk KİZİR},
   doi = {10.36306/konjes.586958},
   issn = {2147-9364},
   issue = {1},
   journal = {Konya Journal of Engineering Sciences},
   month = {3},
   pages = {175-191},
   publisher = {Konya Muhendislik Bilimleri Dergisi},
   title = {LQR Kontrolcü Parametrelerinin Sistem Davranışına Etki Analizi: Çift Çubuklu Ters Sarkaç Sistemi},
   volume = {8},
   year = {2020},
}
